@article{itoh2008memristor,
  title={Memristor oscillators},
  author={Itoh, Makoto and Chua, Leon O},
  journal={International journal of bifurcation and chaos},
  volume={18},
  number={11},
  pages={3183--3206},
  year={2008},
  publisher={World Scientific}
}